@article{aho68,
 author = {Aho, Alfred V.},
 title = {Indexed Grammars : An Extension of Context-Free Grammars},
 journal = {J. ACM},
 issue_date = {Oct. 1968},
 volume = {15},
 number = {4},
 month = oct,
 year = {1968},
 issn = {0004-5411},
 pages = {647--671},
 numpages = {25},
 url = {http://doi.acm.org/10.1145/321479.321488},
 doi = {10.1145/321479.321488},
 acmid = {321488},
 publisher = {ACM},
 address = {New York, NY, USA},
} 